<record><leader>00000cas a2200000 a 4500</leader><controlfield tag="001">14942306</controlfield><controlfield tag="008">861209c19259999nyuwr ne      0    0eng d</controlfield><datafield ind1=" " ind2=" " tag="010"><subfield code="a">sn 88074529 </subfield></datafield><datafield ind1=" " ind2=" " tag="040"><subfield code="a">VRR</subfield><subfield code="b">eng</subfield><subfield code="c">VRR</subfield><subfield code="d">NYS</subfield><subfield code="d">OCL</subfield><subfield code="d">OCLCQ</subfield></datafield><datafield ind1=" " ind2=" " tag="042"><subfield code="a">msc</subfield></datafield><datafield ind1=" " ind2=" " tag="043"><subfield code="a">n-us-ny</subfield></datafield><datafield ind1="0" ind2="4" tag="245"><subfield code="a">The Williamson sun and The Williamson sentinel.</subfield></datafield><datafield ind1="3" ind2="0" tag="246"><subfield code="a">Williamson sentinel</subfield></datafield><datafield ind1=" " ind2=" " tag="260"><subfield code="a">Williamson, N.Y. :</subfield><subfield code="b">Cooper &amp; Brasser,</subfield><subfield code="c">1925-</subfield></datafield><datafield ind1=" " ind2=" " tag="300"><subfield code="a">v.</subfield></datafield><datafield ind1=" " ind2=" " tag="310"><subfield code="a">Weekly</subfield></datafield><datafield ind1="0" ind2=" " tag="362"><subfield code="a">Sun vol. 1, no. 1- = Sentinel vol. 47, no. 46-</subfield></datafield><datafield ind1=" " ind2=" " tag="500"><subfield code="a">Published on Thursdays.</subfield></datafield><datafield ind1=" " ind2="4" tag="651"><subfield code="a">Williamson (N.Y.)</subfield><subfield code="v">Newspapers.</subfield></datafield><datafield ind1=" " ind2=" " tag="752"><subfield code="a">United States</subfield><subfield code="b">New York</subfield><subfield code="c">Wayne</subfield><subfield code="d">Williamson.</subfield></datafield><datafield ind1="0" ind2="0" tag="780"><subfield code="t">Williamson sentinel</subfield><subfield code="w">(DLC)sn 88074517</subfield></datafield><datafield ind1="1" ind2=" " tag="029"><subfield code="a">AU@</subfield><subfield code="b">000020517632</subfield></datafield></record>